@inproceedings{CDDK:1986,
author = {Cl\'{e}ment, Dominique and Despeyroux, Thierry and Kahn, Gilles and Despeyroux, Jo\"{e}lle},
title = {A Simple Applicative Language: Mini-ML},
year = {1986},
isbn = {0897912004},
publisher = {Association for Computing Machinery},
address = {New York, NY, USA},
url = {https://doi.org/10.1145/319838.319847},
doi = {10.1145/319838.319847},
booktitle = {Proceedings of the 1986 ACM Conference on LISP and Functional Programming},
pages = {13â€“27},
numpages = {15},
location = {Cambridge, Massachusetts, USA},
series = {LFP '86}
}
@article{Damas:1984,
  title={Type assignment in programming languages (PhD thesis)},
  journal={PhD thesis},
  author={Damas, Luis},
  year={1984},
  publisher={The University of Edinburgh}
}
@article{Milner:1978,
  title={A theory of type polymorphism in programming},
  author={Milner, Robin},
  journal={Journal of computer and system sciences},
  volume={17},
  number={3},
  pages={348--375},
  year={1978},
  publisher={Elsevier}
}
@article{Hindley:1969,
 ISSN = {00029947},
 % Comment URL = {http://www.jstor.org/stable/1995158},
 author = {R. Hindley},
 journal = {Transactions of the American Mathematical Society},
 pages = {29--60},
 publisher = {American Mathematical Society},
 title = {The Principal Type-Scheme of an Object in Combinatory Logic},
 volume = {146},
 year = {1969}
}

